@book{rod,
  author = "Д. Роджерс, Дж. Адамас",
  title = "Математические основы машинной графики [Текст]",
  year = "2001"
}

@book{sni,
  author = "Е. А. Снижко",
  title = "Компьютерная геометрия и графика [Текст]",
  year = "2005"
}

@book{phy,
  author = "Литвинов О.С., Горелик В.С.",
  title = "Электромагнитные волны и оптика. Учебное пособие.",
  year = "2006",
  pages = "448",
  publisher = "Изд-во МГТУ им. Н.Э. Баумана [Текст]"
}

@report{specmod,
  author = "Yinlong Sun, F. David Fracchia, and Mark S. Drew",
  title = "Rendering light dispersion with a composite spectral model [Текст]",
  unstitution = "Institute of Computer Graphics, Vienna University of Technology"
}
